@misc{AMD64vol3_2013,
	title = {{AMD64 Architecture Programmer's Manual Volume 3: General-Purpose and System Instructions}},
	author = {Advanced Micro Devices},
    howpublished = {\url{http://developer.amd.com/resources/documentation-articles/developer-guides-manuals}},
    keywords = {amd64, manual},
    year = {2013}
}
