@misc{CorelanTeam,
  title = {{Corelan Team} Knowledge is not an object, it's a flow},
  author = {Corelan Team},
  howpublished = {\url{https://www.corelan.be}},
  note = {Consultado em: 2014-12-02}
}