@misc{genSEHexploits,
  title = {{General Technique for SEH Exploits}},
  author = {The Hackers Lounge},
  howpublished = {\url{https://www.youtube.com/watch?v=ls_lfZdurHM}},
  note = {Consultado em: 2014-12-02}
}