@misc{refx86asm,
  title = {{x86 Opcode and Instruction Reference}},
  author = {MazeGen},
  howpublished = {\url{http://ref.x86asm.net}},
  note = {Consultado em: 2014-12-02}
}